<?xml version="1.0" encoding="UTF-8"?><collection xmlns="http://www.loc.gov/MARC21/slim"><record><leader>00521nam--2200169-u-4500</leader><controlfield tag="001">000056811</controlfield><controlfield tag="002">20191024</controlfield><controlfield tag="005">20191024022552</controlfield><controlfield tag="008">191024s1000------------r-----000-0-eng-d</controlfield><datafield ind1=" " ind2=" " tag="041"><subfield code="a">eng</subfield></datafield><datafield ind1="1" ind2=" " tag="110"><subfield code="a">European Joint Committee on Plasma and Ion Surface Engineering (EJC/PISE)</subfield></datafield><datafield ind1="1" ind2="0" tag="245"><subfield code="a">Eighth International Conference on Plasma Sueface Engineering</subfield></datafield><datafield ind1=" " ind2=" " tag="260"><subfield code="a">Germany</subfield><subfield code="b">Garmisch-Partenkirchen</subfield><subfield code="c">2002</subfield></datafield><datafield ind1=" " ind2=" " tag="300"><subfield code="a">491 p</subfield></datafield><datafield ind1=" " ind2=" " tag="500"><subfield code="a">donatie Gheorghe Dinescu</subfield></datafield><datafield ind1=" " ind2=" " tag="852"><subfield code="a">82737</subfield><subfield code="c">061.3</subfield></datafield><datafield ind1=" " ind2=" " tag="CAT"><subfield code="a">SYS</subfield><subfield code="c">20191024</subfield><subfield code="h">022552</subfield></datafield></record></collection>